
@misc{Authors13,
 author = {Authors},
 title = {The frobnicatable foo filter},
 note = {Face and Gesture  submission ID 324. Supplied as additional material {\tt fg324.pdf}},
 year = 2013
}

@misc{Authors13b,
 author = {Authors},
 title = {Frobnication tutorial},
 note = {Supplied as additional material {\tt tr.pdf}},
 year = 2013
}

@article{Alpher02,
author = {A. Alpher},
title = {Frobnication},
journal = {Journal of Foo},
volume = 12, 
number = 1, 
pages = {234--778}, 
year = 2002
}

@article{Alpher03,
author = {A. Alpher and  J.~P.~N. Fotheringham-Smythe},
title = {Frobnication revisited},
journal = {Journal of Foo},
volume = 13, 
number = 1, 
pages = {234--778}, 
year = 2003
}

@article{Alpher04,
author = {A. Alpher and J.~P.~N. Fotheringham-Smythe and G. Gamow},
title = {Can a machine frobnicate?},
journal = {Journal of Foo},
volume = 14, 
number = 1, 
pages = {234--778}, 
year = 2004
}

@article{krotosky2007mutual,
  title={Mutual information based registration of multimodal stereo videos for person tracking},
  author={Krotosky, Stephen J and Trivedi, Mohan M},
  journal={Computer Vision and Image Understanding},
  volume={106},
  number={2},
  pages={270--287},
  year={2007},
  publisher={Elsevier}
}

@article{zhao2012human,
  title={Human segmentation by geometrically fusing visible-light and thermal imageries},
  author={Zhao, Jian and Sen-ching, S Cheung},
  journal={Multimedia Tools and Applications},
  pages={1--29},
  year={2012},
  publisher={Springer}
}