@comment{x-kbibtex-personnameformatting=<%l><, %f>}

@inproceedings{spinello2011,
	added-at = "2011-12-15T00:00:00.000+0100",
	author = "Spinello, L. and Arras, K. O.",
	booktitle = "{IROS}",
	crossref = "conf/iros/2011",
	interhash = "20a224ba2876e1189f410f2190a956ea",
	intrahash = "075c5b6402f180c8eb0fc85f4445ce9f",
	isbn = "978-1-61284-454-1",
	keywords = "dblp",
	title = "{People detection in RGB-D Data}",
	url = "http://dblp.uni-trier.de/db/conf/iros/iros2011.html#SpinelloA11; http://dx.doi.org/10.1109/IROS.2011.6095074; http://www.bibsonomy.org/bibtex/2075c5b6402f180c8eb0fc85f4445ce9f/dblp",
	x-fetchedfrom = "Bibsonomy",
	year = 2011
}

@inproceedings{arras2007,
	abstract = "dblp",
	added-at = "2008-05-31T00:00:00.000+0200",
	author = "Arras, K. O. and Mozos, {\'O}. M. and Burgard, W.",
	booktitle = "{ICRA}",
	crossref = "conf/icra/2007",
	date = "2008-05-31",
	interhash = "99d88d8d752c662b25fd4174a8324a60",
	intrahash = "578e8a655385abfb1e9e9628e215a3a1",
	keywords = "dblp",
	pages = "3402--3407",
	publisher = "IEEE",
	title = "{Using Boosted Features for the Detection of People in 2D Range Data.}",
	url = "http://dblp.uni-trier.de/db/conf/icra/icra2007.html#ArrasMB07; http://dx.doi.org/10.1109/ROBOT.2007.363998; http://www.bibsonomy.org/bibtex/2578e8a655385abfb1e9e9628e215a3a1/dblp",
	x-fetchedfrom = "Bibsonomy",
	year = 2007
}

@inproceedings{fihl2006,
	abstract = "dblp",
	added-at = "2006-11-22T00:00:00.000+0100",
	author = "Fihl, P. and Corlin, R. and Park, S. and Moeslund, T. B. and Trivedi, M. M.",
	booktitle = "{ISVC (1)}",
	crossref = "conf/isvc/2006-1",
	date = "2006-11-22",
	interhash = "61563cf90e8fe047d46ec9fddaab25ed",
	intrahash = "88084f3ac181f630857ab237c411b908",
	isbn = "3-540-48628-3",
	keywords = "dblp",
	pages = "60--69",
	publisher = "Springer",
	series = "{LNCS}",
	title = "{Tracking of Individuals in Very Long Video Sequences.}",
	url = "http://dblp.uni-trier.de/db/conf/isvc/isvc2006-1.html#FihlCPMT06; http://dx.doi.org/10.1007/11919476_7; http://www.bibsonomy.org/bibtex/288084f3ac181f630857ab237c411b908/dblp",
	volume = 4291,
	x-fetchedfrom = "Bibsonomy",
	year = 2006
}

@inproceedings{barbosa2012,
	added-at = "2012-09-26T00:00:00.000+0200",
	author = "Barbosa, I. B. and Cristani, M. and Bue, A. D. and Bazzani, L. and Murino, V.",
	booktitle = "{ECCV Workshops (1)}",
	crossref = "conf/eccv/2012w1",
	interhash = "fcf5d6456b0f7d4a9a9fbe166a6dd27c",
	intrahash = "890ca306be85bd7ed5cdb68a09182f4c",
	isbn = "978-3-642-33862-5",
	keywords = "dblp",
	pages = "433--442",
	publisher = "Springer",
	series = "{LNCS}",
	title = "{Re-identification with RGB-D Sensors.}",
	url = "http://dblp.uni-trier.de/db/conf/eccv/eccv2012w1.html#BarbosaCBBM12; http://dx.doi.org/10.1007/978-3-642-33863-2_43; http://www.bibsonomy.org/bibtex/2890ca306be85bd7ed5cdb68a09182f4c/dblp",
	volume = 7583,
	x-fetchedfrom = "Bibsonomy",
	year = 2012
}

@inproceedings{velardo2012,
	added-at = "2012-10-24T00:00:00.000+0200",
	author = "Velardo, C. and Dugelay, J.",
	booktitle = "{WIAMIS}",
	crossref = "conf/wiamis/2012",
	interhash = "28310de2011c681fb7f1bf93413a90b7",
	intrahash = "49d2c6092fa27c51ecc485bdc5db7000",
	isbn = "978-1-4673-0791-8",
	keywords = "dblp",
	pages = "1--4",
	publisher = "IEEE",
	title = "{Improving Identification by Pruning: A Case Study on Face Recognition and Body Soft Biometric}",
	url = "http://dblp.uni-trier.de/db/conf/wiamis/wiamis2012.html#VelardoD12; http://dx.doi.org/10.1109/WIAMIS.2012.6226747; http://www.bibsonomy.org/bibtex/249d2c6092fa27c51ecc485bdc5db7000/dblp",
	x-fetchedfrom = "Bibsonomy",
	year = 2012
}

@inproceedings{bak2012,
	added-at = "2012-09-26T00:00:00.000+0200",
	author = "Bak, S. and Charpiat, G. and Corv{\'e}e, E. and Br{\'e}mond, F. and Thonnat, M.",
	booktitle = "{ECCV (3)}",
	crossref = "conf/eccv/2012-3",
	interhash = "6d5b142f3f927af1c4bac7f815fea3ed",
	intrahash = "02695f9b1a058410faf905a7cf03ba34",
	isbn = "978-3-642-33711-6",
	keywords = "dblp",
	pages = "806--820",
	publisher = "Springer",
	series = "{LNCS}",
	title = "{Learning to Match Appearances by Correlations in a Covariance Metric Space}",
	url = "http://dblp.uni-trier.de/db/conf/eccv/eccv2012-3.html#BakCCBT12; http://dx.doi.org/10.1007/978-3-642-33712-3_58; http://www.bibsonomy.org/bibtex/202695f9b1a058410faf905a7cf03ba34/dblp",
	volume = 7574,
	x-fetchedfrom = "Bibsonomy",
	year = 2012
}

@inproceedings{zheng2011,
	added-at = "2011-08-23T00:00:00.000+0200",
	author = "Zheng, W. and Gong, S. and Xiang, T.",
	booktitle = "{CVPR}",
	crossref = "conf/cvpr/2011",
	interhash = "db7336dcff8dc997d253a9540fc8744b",
	intrahash = "1f384e3d6104d121a22d101f36b43fbe",
	keywords = "dblp",
	pages = "649--656",
	publisher = "IEEE",
	title = "{Person re-identification by probabilistic relative distance comparison}",
	url = "http://dblp.uni-trier.de/db/conf/cvpr/cvpr2011.html#ZhengGX11; http://dx.doi.org/10.1109/CVPR.2011.5995598; http://www.bibsonomy.org/bibtex/21f384e3d6104d121a22d101f36b43fbe/dblp",
	x-fetchedfrom = "Bibsonomy",
	year = 2011
}

@inproceedings{wang2007,
	abstract = "dblp",
	added-at = "2009-11-29T00:00:00.000+0100",
	author = "Wang, X. and Doretto, G. and Sebastian, T. and Rittscher, J. and Tu, P. H.",
	booktitle = "{ICCV}",
	crossref = "conf/iccv/2007",
	date = "2009-11-29",
	interhash = "2bf284ccf0631ad3d9e1649b47078720",
	intrahash = "78008aa0281f0724ca2874153ba22ce8",
	keywords = "dblp",
	pages = "1--8",
	publisher = "IEEE",
	title = "{Shape and Appearance Context Modeling}",
	url = "http://dblp.uni-trier.de/db/conf/iccv/iccv2007.html#WangDSRT07; http://dx.doi.org/10.1109/ICCV.2007.4409019; http://www.bibsonomy.org/bibtex/278008aa0281f0724ca2874153ba22ce8/dblp",
	x-fetchedfrom = "Bibsonomy",
	year = 2007
}

@inproceedings{hirzer2011,
	added-at = "2011-05-19T00:00:00.000+0200",
	author = "Hirzer, M. and Beleznai, C. and Roth, P. M. and Bischof, H.",
	booktitle = "{SCIA}",
	crossref = "conf/scia/2011",
	interhash = "d668b94fc5512762f1c685a52234715a",
	intrahash = "58f133e3a79dc657b5a918ca1bc42658",
	isbn = "978-3-642-21226-0",
	keywords = "dblp",
	pages = "91--102",
	publisher = "Springer",
	series = "{Lecture Notes in Computer Science}",
	title = "{Person Re-identification by Descriptive and Discriminative Classification}",
	url = "http://dblp.uni-trier.de/db/conf/scia/scia2011.html#HirzerBRB11; http://dx.doi.org/10.1007/978-3-642-21227-7_9; http://www.bibsonomy.org/bibtex/258f133e3a79dc657b5a918ca1bc42658/dblp",
	volume = 6688,
	x-fetchedfrom = "Bibsonomy",
	year = 2011
}

@inproceedings{smisek2011,
	added-at = "2012-01-20T00:00:00.000+0100",
	author = "Smisek, J. and Jancosek, M. and Pajdla, T.",
	booktitle = "{ICCV Workshops}",
	crossref = "conf/iccvw/2011",
	interhash = "e18200c63d79ac888424a033d8b42dac",
	intrahash = "2b3a4793b1fcec6a2cffcbe121c9f03e",
	isbn = "978-1-4673-0062-9",
	keywords = "dblp",
	pages = "1154--1160",
	publisher = "IEEE",
	title = "{3D with Kinect}",
	url = "http://dblp.uni-trier.de/db/conf/iccvw/iccvw2011.html#SmisekJP11; http://dx.doi.org/10.1109/ICCVW.2011.6130380; http://www.bibsonomy.org/bibtex/22b3a4793b1fcec6a2cffcbe121c9f03e/dblp",
	x-fetchedfrom = "Bibsonomy",
	year = 2011
}

@inproceedings{herrera2011,
	added-at = "2011-08-23T00:00:00.000+0200",
	author = "Herrera, C. D. and Kannala, J. and Heikkil{\"a}, J.",
	booktitle = "{CAIP (2)}",
	crossref = "conf/caip/2011-2",
	interhash = "1779ca805d015c0d8cd69ff179eb9a8b",
	intrahash = "2a00dd6924c7a4231e1e79217978ae4b",
	isbn = "978-3-642-23677-8",
	keywords = "dblp",
	pages = "437--445",
	publisher = "Springer",
	series = "{Lecture Notes in Computer Science}",
	title = "{Accurate and Practical Calibration of a Depth and Color Camera Pair}",
	url = "http://dblp.uni-trier.de/db/conf/caip/caip2011-2.html#CKH11; http://dx.doi.org/10.1007/978-3-642-23678-5_52; http://www.bibsonomy.org/bibtex/22a00dd6924c7a4231e1e79217978ae4b/dblp",
	volume = 6855,
	x-fetchedfrom = "Bibsonomy",
	year = 2011
}

@inproceedings{shotton2011,
	added-at = "2011-08-23T00:00:00.000+0200",
	author = "Shotton, J. and Fitzgibbon, A. W. and Cook, M. and Sharp, T. and Finocchio, M. and Moore, R. and Kipman, A. and Blake, A.",
	booktitle = "{CVPR}",
	crossref = "conf/cvpr/2011",
	interhash = "cb01e015e984427083c691f988f69b99",
	intrahash = "d1e61f390b6965f432bdd65ba2ef7c75",
	keywords = "dblp",
	pages = "1297--1304",
	publisher = "IEEE",
	title = "{Real-time human pose recognition in parts from single depth images}",
	url = "http://dblp.uni-trier.de/db/conf/cvpr/cvpr2011.html#ShottonFCSFMKB11; http://dx.doi.org/10.1109/CVPR.2011.5995316; http://www.bibsonomy.org/bibtex/2d1e61f390b6965f432bdd65ba2ef7c75/dblp",
	x-fetchedfrom = "Bibsonomy",
	year = 2011
}

@inproceedings{lepetit2005,
	abstract = "dblp",
	added-at = "2005-07-27T00:00:00.000+0200",
	author = "Lepetit, V. and Lagger, P. and Fua, P.",
	booktitle = "{CVPR (2)}",
	crossref = "conf/cvpr/2005",
	date = "2005-07-27",
	interhash = "6fca2d38302b9b2fa9024da9c54872bb",
	intrahash = "c12c647bb4585a7b0925a4799590ffe9",
	isbn = "0-7695-2372-2",
	keywords = "dblp",
	pages = "775--781",
	publisher = "IEEE Computer Society",
	title = "{Randomized Trees for Real-Time Keypoint Recognition}",
	url = "http://dblp.uni-trier.de/db/conf/cvpr/cvpr2005-2.html#LepetitLF05; http://dx.doi.org/10.1109/CVPR.2005.288; http://www.bibsonomy.org/bibtex/2c12c647bb4585a7b0925a4799590ffe9/dblp",
	x-fetchedfrom = "Bibsonomy",
	year = 2005
}

@inproceedings{hansen2007,
	abstract = "dblp",
	added-at = "2008-04-07T00:00:00.000+0200",
	author = "Hansen, D. M. and Mortensen, Bjarne K. and Duizer, P. T. and Andersen, Jens R. and Moeslund, Thomas B.",
	booktitle = "{CRV}",
	crossref = "conf/crv/2007",
	date = "2008-04-07",
	interhash = "245eaea05198f2d79b774e2f94c0d8eb",
	intrahash = "892cb08ab2aa604a46c8bc31883e3513",
	keywords = "dblp",
	pages = "473--480",
	publisher = "IEEE Computer Society",
	title = "{Automatic Annotation of Humans in Surveillance Video}",
	url = "http://dblp.uni-trier.de/db/conf/crv/crv2007.html#HansenMDAM07; http://doi.ieeecomputersociety.org/10.1109/CRV.2007.12; http://www.bibsonomy.org/bibtex/2892cb08ab2aa604a46c8bc31883e3513/dblp",
	x-fetchedfrom = "Bibsonomy",
	year = 2007
}

@inproceedings{jain2004,
	added-at = "2011-07-07T00:00:00.000+0200",
	author = "Jain, A. K. and Dass, S. C. and Nandakumar, K.",
	booktitle = "{ICBA}",
	crossref = "conf/icba/2004",
	interhash = "0a2a3166b924e5ba67d750de60cf0950",
	intrahash = "74227f7a9458465b1fedd37b9ef2c586",
	isbn = "3-540-22146-8",
	keywords = "dblp",
	pages = "731--738",
	publisher = "Springer",
	series = "{Lecture Notes in Computer Science}",
	title = "{Soft Biometric Traits for Personal Recognition Systems}",
	url = "http://dblp.uni-trier.de/db/conf/icba/icba2004.html#JainDN04; http://dx.doi.org/10.1007/978-3-540-25948-0_99; http://www.bibsonomy.org/bibtex/274227f7a9458465b1fedd37b9ef2c586/dblp",
	volume = 3072,
	x-fetchedfrom = "Bibsonomy",
	year = 2004
}

@inproceedings{prosser2010,
	added-at = "2011-01-08T00:00:00.000+0100",
	author = "Prosser, B. and Zheng, W.-S. and Gong, S. and Xiang, T.",
	booktitle = "{BMVC}",
	crossref = "conf/bmvc/2010",
	interhash = "724d92ae0aa2ff6def3c49f569bf61c2",
	intrahash = "af9bcc9d738d29379c9f40ff8c2739fe",
	isbn = "1-901725-40-5",
	keywords = "dblp",
	pages = "1--11",
	publisher = "British Machine Vision Association",
	title = "{Person Re-Identification by Support Vector Ranking}",
	url = "http://dblp.uni-trier.de/db/conf/bmvc/bmvc2010.html#ProsserZGX10; http://dx.doi.org/10.5244/C.24.21; http://www.bibsonomy.org/bibtex/2af9bcc9d738d29379c9f40ff8c2739fe/dblp",
	x-fetchedfrom = "Bibsonomy",
	year = 2010
}

@inproceedings{oliveira2009,
	added-at = "2012-01-19T00:00:00.000+0100",
	author = "de Oliveira, I. O. and de Souza Pio, J. L.",
	booktitle = "{DASC}",
	crossref = "conf/dasc/2009",
	interhash = "e415fbbbd419a694065c8135e12e4702",
	intrahash = "2cb87d99d3dd66460bf261db1bc1cd8c",
	isbn = "978-0-7695-3929-4",
	keywords = "dblp",
	pages = "461--466",
	publisher = "IEEE",
	title = "{People Reidentification in a Camera Network}",
	url = "http://dblp.uni-trier.de/db/conf/dasc/dasc2009.html#OliveiraP09; http://doi.ieeecomputersociety.org/10.1109/DASC.2009.33; http://www.bibsonomy.org/bibtex/22cb87d99d3dd66460bf261db1bc1cd8c/dblp",
	x-fetchedfrom = "Bibsonomy",
	year = 2009
}

@inproceedings{truongcong2009,
	abstract = "dblp",
	added-at = "2009-10-01T00:00:00.000+0200",
	author = "{Truong Cong}, D.N. and Achard, C. and Khoudour, L. and Douadi, L.",
	booktitle = "{ICIAP}",
	crossref = "conf/iciap/2009",
	date = "2009-10-01",
	interhash = "e1dea6894f103790d497e97528030ad9",
	intrahash = "30b3648066933b5353e9acd872563c4d",
	isbn = "978-3-642-04145-7",
	keywords = "dblp",
	pages = "179--189",
	publisher = "Springer",
	series = "{Lecture Notes in Computer Science}",
	title = "{Video Sequences Association for People Re-identification across Multiple Non-overlapping Cameras}",
	url = "http://dblp.uni-trier.de/db/conf/iciap/iciap2009.html#CongAKD09; http://dx.doi.org/10.1007/978-3-642-04146-4_21; http://www.bibsonomy.org/bibtex/230b3648066933b5353e9acd872563c4d/dblp",
	volume = 5716,
	x-fetchedfrom = "Bibsonomy",
	year = 2009
}

@inproceedings{hamdoun2008,
	added-at = "2012-02-16T00:00:00.000+0100",
	author = "Hamdoun, O. and Moutarde, F. and Stanciulescu, B. and Steux, B.",
	booktitle = "{ICDSC}",
	crossref = "conf/icdsc/2008",
	interhash = "1dfe1f2b933e8b0158bd9c3ab6ac201f",
	intrahash = "dad34b639ec006bb449883b50a1b6463",
	isbn = "978-1-4244-2664-5",
	keywords = "dblp",
	pages = "1--6",
	publisher = "IEEE",
	title = "{Person re-identification in multi-camera system by signature based on interest point descriptors collected on short video sequences}",
	url = "http://dblp.uni-trier.de/db/conf/icdsc/icdsc2008.html#HamdounMSS08; http://doi.ieeecomputersociety.org/10.1109/ICDSC.2008.4635689; http://www.bibsonomy.org/bibtex/2dad34b639ec006bb449883b50a1b6463/dblp",
	x-fetchedfrom = "Bibsonomy",
	year = 2008
}

@inproceedings{gheissari2006,
	abstract = "dblp",
	added-at = "2006-09-19T00:00:00.000+0200",
	author = "Gheissari, N. and Sebastian, T. B. and Hartley, R.",
	booktitle = "{CVPR}",
	crossref = "conf/cvpr/2006",
	date = "2006-09-19",
	interhash = "e32be13298f5532526fb73289fb9403d",
	intrahash = "76b3fc52bae6bfc7f9095e637f98aa9f",
	isbn = "0-7695-2597-0",
	keywords = "dblp",
	pages = "1528--1535",
	publisher = "IEEE Computer Society",
	title = "{Person Reidentification Using Spatiotemporal Appearance}",
	url = "http://dblp.uni-trier.de/db/conf/cvpr/cvpr2006-2.html#GheissariSH06; http://doi.ieeecomputersociety.org/10.1109/CVPR.2006.223; http://www.bibsonomy.org/bibtex/276b3fc52bae6bfc7f9095e637f98aa9f/dblp",
	x-fetchedfrom = "Bibsonomy",
	year = 2006
}

@inproceedings{porikli2006,
	abstract = "dblp",
	added-at = "2006-09-19T00:00:00.000+0200",
	author = "Porikli, F. and Tuzel, O. and Meer, P.",
	booktitle = "{CVPR (1)}",
	crossref = "conf/cvpr/2006",
	date = "2006-09-19",
	interhash = "92c7d6799827a77dff344dd243055993",
	intrahash = "0b7c772ea8047ba69973b66807699a10",
	isbn = "0-7695-2597-0",
	keywords = "dblp",
	pages = "728--735",
	publisher = "IEEE Computer Society",
	title = "{Covariance Tracking using Model Update Based on Lie Algebra}",
	url = "http://dblp.uni-trier.de/db/conf/cvpr/cvpr2006-1.html#PorikliTM06; http://doi.ieeecomputersociety.org/10.1109/CVPR.2006.94; http://www.bibsonomy.org/bibtex/20b7c772ea8047ba69973b66807699a10/dblp",
	x-fetchedfrom = "Bibsonomy",
	year = 2006
}

@inproceedings{dikmen2010,
	added-at = "2011-03-03T00:00:00.000+0100",
	author = "Dikmen, M. and Akbas, E. and Huang, T. S. and Ahuja, N.",
	booktitle = "{ACCV (4)}",
	crossref = "conf/accv/2010-4",
	editor = "Kimmel, Ron and Klette, Reinhard and Sugimoto, Akihiro",
	interhash = "2108c77666bf890afa7f5e09c4d9f814",
	intrahash = "ec9eb55ce278225746d0236fe28fef74",
	isbn = "978-3-642-19281-4",
	keywords = "dblp",
	pages = "501--512",
	publisher = "Springer",
	series = "{Lecture Notes in Computer Science}",
	title = "{Pedestrian Recognition with a Learned Metric.}",
	url = "http://dblp.uni-trier.de/db/conf/accv/accv2010-4.html#DikmenAHA10; http://dx.doi.org/10.1007/978-3-642-19282-1_40; http://www.bibsonomy.org/bibtex/2ec9eb55ce278225746d0236fe28fef74/dblp",
	volume = 6495,
	x-fetchedfrom = "Bibsonomy",
	year = 2010
}

@inproceedings{bazzani2010,
	added-at = "2010-10-23T00:00:00.000+0200",
	author = "Bazzani, Loris and Cristani, Marco and Perina, Alessandro and Farenzena, Michela and Murino, Vittorio",
	booktitle = "{ICPR}",
	crossref = "conf/icpr/2010",
	interhash = "1b903a75fbae8b22942131db60284a89",
	intrahash = "cb2ee80fcad5af4bd808696c7d71f1fc",
	keywords = "dblp",
	pages = "1413--1416",
	publisher = "IEEE",
	title = "{Multiple-Shot Person Re-identification by HPE Signature}",
	url = "http://dblp.uni-trier.de/db/conf/icpr/icpr2010.html#BazzaniCPFM10; http://dx.doi.org/10.1109/ICPR.2010.349; http://www.bibsonomy.org/bibtex/2cb2ee80fcad5af4bd808696c7d71f1fc/dblp",
	x-fetchedfrom = "Bibsonomy",
	year = 2010
}

@inproceedings{tuzel2006,
	abstract = "dblp",
	added-at = "2006-10-30T00:00:00.000+0100",
	author = "Tuzel, O. and Porikli, F. and Meer, P.",
	booktitle = "{ECCV (2)}",
	crossref = "conf/eccv/2006-2",
	date = "2006-10-30",
	editor = "Leonardis, Ales and Bischof, Horst and Pinz, Axel",
	interhash = "940353f767c403de5a95c4175774cd6b",
	intrahash = "f6fa80d7fbdc9b3cd9ef879ae0b66b34",
	isbn = "3-540-33834-9",
	keywords = "dblp",
	pages = "589--600",
	publisher = "Springer",
	series = "{Lecture Notes in Computer Science}",
	title = "{Region Covariance: A Fast Descriptor for Detection and Classification}",
	url = "http://dblp.uni-trier.de/db/conf/eccv/eccv2006-2.html#TuzelPM06; http://dx.doi.org/10.1007/11744047_45; http://www.bibsonomy.org/bibtex/2f6fa80d7fbdc9b3cd9ef879ae0b66b34/dblp",
	volume = 3952,
	x-fetchedfrom = "Bibsonomy",
	year = 2006
}

@inproceedings{javed2003,
	abstract = "dblp",
	added-at = "2004-09-07T00:00:00.000+0200",
	author = "Javed, O. and Rasheed, Z. and Shafique, K. and Shah, M.",
	booktitle = "{ICCV}",
	crossref = "conf/iccv/2003",
	date = "2004-09-07",
	interhash = "3f4dffdfebc22ce30eaac9c3e3bd1b68",
	intrahash = "4c63e6ca89ef1254acfd47b8b85bb67b",
	isbn = "0-7695-1950-4",
	keywords = "dblp",
	pages = "952--957",
	publisher = "IEEE Computer Society",
	title = "{Tracking Across Multiple Cameras With Disjoint Views}",
	url = "http://dblp.uni-trier.de/db/conf/iccv/iccv2003-2.html#JavedRSS03; http://csdl.computer.org/comp/proceedings/iccv/2003/1950/02/195020952abs.htm; http://www.bibsonomy.org/bibtex/24c63e6ca89ef1254acfd47b8b85bb67b/dblp",
	x-fetchedfrom = "Bibsonomy",
	year = 2003
}

@inproceedings{comaniciu2000,
	added-at = "2012-06-01T00:00:00.000+0200",
	author = "Comaniciu, D. and Ramesh, V. and Meer, P.",
	booktitle = "{CVPR}",
	crossref = "conf/cvpr/2000",
	interhash = "ffbf5d495ad6ce97a3f17419412bb29a",
	intrahash = "26ef0010a9983c49eaa84c0c55c90a69",
	isbn = "0-7695-0662-3",
	keywords = "dblp",
	pages = "2142--",
	publisher = "IEEE Computer Society",
	title = "{Real-Time Tracking of Non-Rigid Objects Using Mean Shift}",
	url = "http://dblp.uni-trier.de/db/conf/cvpr/cvpr2000.html#ComaniciuRM00; http://doi.ieeecomputersociety.org/10.1109/CVPR.2000.854761; http://www.bibsonomy.org/bibtex/226ef0010a9983c49eaa84c0c55c90a69/dblp",
	x-fetchedfrom = "Bibsonomy",
	year = 2000
}

@inproceedings{kettnaker1999,
	added-at = "2012-06-01T00:00:00.000+0200",
	author = "Kettnaker, V. and Zabih, R.",
	booktitle = "{CVPR}",
	crossref = "conf/cvpr/1999",
	interhash = "b48ddcd6f4162b40de8e3091f4799176",
	intrahash = "7db4fd21335694d1835a2eaa2243545e",
	isbn = "0-7695-0149-4",
	keywords = "dblp",
	pages = "2253--",
	publisher = "IEEE Computer Society",
	title = "{Bayesian Multi-Camera Surveillance}",
	url = "http://dblp.uni-trier.de/db/conf/cvpr/cvpr1999.html#KettnakerZ99; http://doi.ieeecomputersociety.org/10.1109/CVPR.1999.784638; http://www.bibsonomy.org/bibtex/27db4fd21335694d1835a2eaa2243545e/dblp",
	x-fetchedfrom = "Bibsonomy",
	year = 1999
}

@inproceedings{park2006,
	abstract = "dblp",
	added-at = "2006-09-25T00:00:00.000+0200",
	author = "Park, U. and Jain, A. K. and Kitahara, I. and Kogure, K. and Hagita, N.",
	booktitle = "{ICPR (3)}",
	crossref = "conf/icpr/2006",
	date = "2006-09-25",
	interhash = "5c4537f1c9a76439d7f040fed15be802",
	intrahash = "c019d3318852cbe63606abecd164fe85",
	isbn = "0-7695-2521-0",
	keywords = "dblp",
	pages = "1204--1207",
	publisher = "IEEE Computer Society",
	title = "{ViSE: Visual Search Engine Using Multiple Networked Cameras}",
	url = "http://dblp.uni-trier.de/db/conf/icpr/icpr2006-3.html#ParkJKKH06; http://doi.ieeecomputersociety.org/10.1109/ICPR.2006.1176; http://www.bibsonomy.org/bibtex/2c019d3318852cbe63606abecd164fe85/dblp",
	x-fetchedfrom = "Bibsonomy",
	year = 2006
}

@inproceedings{gallagher2008,
	abstract = "dblp",
	added-at = "2009-02-06T00:00:00.000+0100",
	author = "Gallagher, A. C. and Chen, T.",
	booktitle = "{CVPR}",
	crossref = "conf/cvpr/2008",
	date = "2009-02-06",
	interhash = "af4dc864452823990304331f489705ef",
	intrahash = "eee5fac8b0fba3dbf9e00c0b79318e0e",
	keywords = "dblp",
	publisher = "IEEE Computer Society",
	title = "{Clothing cosegmentation for recognizing people}",
	url = "http://dblp.uni-trier.de/db/conf/cvpr/cvpr2008.html#GallagherC08; http://dx.doi.org/10.1109/CVPR.2008.4587481; http://www.bibsonomy.org/bibtex/2eee5fac8b0fba3dbf9e00c0b79318e0e/dblp",
	x-fetchedfrom = "Bibsonomy",
	year = 2008
}

@inproceedings{cai2008,
	abstract = "dblp",
	added-at = "2009-03-27T00:00:00.000+0100",
	author = "Cai, Y. and Huang, K. and Tan, T.",
	booktitle = "{ICPR}",
	crossref = "conf/icpr/2008",
	date = "2009-03-27",
	interhash = "165ef86a60c5f6e2177b8c7715eb4a25",
	intrahash = "0e9b04bf60e43ea35a6311e43e760ed7",
	isbn = "978-1-4244-2175-6",
	keywords = "dblp",
	pages = "1--4",
	publisher = "IEEE",
	title = "{Human appearance matching across multiple non-overlapping cameras}",
	url = "http://dblp.uni-trier.de/db/conf/icpr/icpr2008.html#CaiHT08; http://dx.doi.org/10.1109/ICPR.2008.4761704; http://www.bibsonomy.org/bibtex/20e9b04bf60e43ea35a6311e43e760ed7/dblp",
	x-fetchedfrom = "Bibsonomy",
	year = 2008
}

@inproceedings{hu2008,
	abstract = "dblp",
	added-at = "2009-03-26T00:00:00.000+0100",
	author = "Hu, L. and Wang, Y. and Jiang, S. and Huang, Q. and Gao, W.",
	booktitle = "{ICPR}",
	crossref = "conf/icpr/2008",
	date = "2009-03-26",
	interhash = "14c561fe8a4f76a9cae8b487917494e2",
	intrahash = "22486bf2678ee11bb2881648bc2a0f5a",
	isbn = "978-1-4244-2175-6",
	keywords = "dblp",
	pages = "1--4",
	publisher = "IEEE",
	title = "{Human reappearance detection based on on-line learning}",
	url = "http://dblp.uni-trier.de/db/conf/icpr/icpr2008.html#HuWJHG08; http://dx.doi.org/10.1109/ICPR.2008.4761564; http://www.bibsonomy.org/bibtex/222486bf2678ee11bb2881648bc2a0f5a/dblp",
	x-fetchedfrom = "Bibsonomy",
	year = 2008
}

@inproceedings{bak2010,
	added-at = "2012-10-18T00:00:00.000+0200",
	author = "Bak, S. and Corv{\'e}e, E. and Br{\'e}mond, F. and Thonnat, M.",
	booktitle = "{AVSS}",
	crossref = "conf/avss/2010",
	interhash = "4ff3bf9d80b904561f33a0648d256bb9",
	intrahash = "16f64bfea19eb7a86b2a0c52baf1c8b7",
	isbn = "978-0-7695-4264-5",
	keywords = "dblp",
	pages = "435--440",
	publisher = "IEEE Computer Society",
	title = "{Person Re-identification Using Spatial Covariance Regions of Human Body Parts}",
	url = "http://dblp.uni-trier.de/db/conf/avss/avss2010.html#BakCBT10a; http://doi.ieeecomputersociety.org/10.1109/AVSS.2010.34; http://www.bibsonomy.org/bibtex/216f64bfea19eb7a86b2a0c52baf1c8b7/dblp",
	x-fetchedfrom = "Bibsonomy",
	year = 2010
}

@inproceedings{bak2010b,
	added-at = "2012-10-18T00:00:00.000+0200",
	author = "Bak, S. and Corv{\'e}e, E. and Br{\'e}mond, F. and Thonnat, M.",
	booktitle = "{AVSS}",
	crossref = "conf/avss/2010",
	interhash = "d88f7c1a0941fc52522f3c46add37d01",
	intrahash = "25d52a6e7d95f37c80b946d65b07f435",
	isbn = "978-0-7695-4264-5",
	keywords = "dblp",
	pages = "1--8",
	publisher = "IEEE Computer Society",
	title = "{Person Re-identification Using Haar-based and DCD-based Signature}",
	url = "http://dblp.uni-trier.de/db/conf/avss/avss2010.html#BakCBT10; http://doi.ieeecomputersociety.org/10.1109/AVSS.2010.68; http://www.bibsonomy.org/bibtex/225d52a6e7d95f37c80b946d65b07f435/dblp",
	x-fetchedfrom = "Bibsonomy",
	year = 2010
}

@inproceedings{gray2008,
	abstract = "dblp",
	added-at = "2008-10-20T00:00:00.000+0200",
	author = "Gray, D. and Tao, H.",
	booktitle = "{ECCV (1)}",
	crossref = "conf/eccv/2008-1",
	date = "2008-10-20",
	editor = "Forsyth, David A. and Torr, Philip H. S. and Zisserman, Andrew",
	interhash = "d34835bb9000d03b92fbacf22d714c28",
	intrahash = "6c3bf220c09af9c8ebb57c28c9de6ceb",
	isbn = "978-3-540-88681-5",
	keywords = "dblp",
	pages = "262--275",
	publisher = "Springer",
	series = "{Lecture Notes in Computer Science}",
	title = "{Viewpoint Invariant Pedestrian Recognition with an Ensemble of Localized Features}",
	url = "http://dblp.uni-trier.de/db/conf/eccv/eccv2008-1.html#GrayT08; http://dx.doi.org/10.1007/978-3-540-88682-2_21; http://www.bibsonomy.org/bibtex/26c3bf220c09af9c8ebb57c28c9de6ceb/dblp",
	volume = 5302,
	x-fetchedfrom = "Bibsonomy",
	year = 2008
}

@inproceedings{lin2008,
	abstract = "dblp",
	added-at = "2008-12-04T00:00:00.000+0100",
	author = "Lin, Z. and Davis, L. S.",
	booktitle = "{ISVC (1)}",
	crossref = "conf/isvc/2008-1",
	date = "2008-12-04",
	editor = "Bebis, George and Boyle, Richard D. and Parvin, Bahram and Koracin, Darko and Remagnino, Paolo and Porikli, Fatih Murat and Peters, J{\"o}rg and Klosowski, James T. and Arns, Laura L. and Chun, Yu Ka and Rhyne, Theresa-Marie and Monroe, Laura",
	interhash = "6ec6b306eebba4627b79884c59145028",
	intrahash = "05133698027379dc47724390d64fed5c",
	isbn = "978-3-540-89638-8",
	keywords = "dblp",
	pages = "23--34",
	publisher = "Springer",
	series = "{Lecture Notes in Computer Science}",
	title = "{Learning Pairwise Dissimilarity Profiles for Appearance Recognition in Visual Surveillance}",
	url = "http://dblp.uni-trier.de/db/conf/isvc/isvc2008-1.html#LinD08; http://dx.doi.org/10.1007/978-3-540-89639-5_3; http://www.bibsonomy.org/bibtex/205133698027379dc47724390d64fed5c/dblp",
	volume = 5358,
	x-fetchedfrom = "Bibsonomy",
	year = 2008
}

@inproceedings{schwartz2009,
	abstract = "dblp",
	added-at = "2010-01-26T00:00:00.000+0100",
	author = "Schwartz, W. R. and Davis, L. S.",
	booktitle = "{SIBGRAPI}",
	crossref = "conf/sibgrapi/2009",
	date = "2010-01-26",
	interhash = "bd485c1029d250d6d3588765bb85a761",
	intrahash = "3512cbbed299e6cb42423a62bbd67ce1",
	isbn = "978-0-7695-3813-6",
	keywords = "dblp",
	pages = "322--329",
	publisher = "IEEE Computer Society",
	title = "{Learning Discriminative Appearance-Based Models Using Partial Least Squares}",
	url = "http://dblp.uni-trier.de/db/conf/sibgrapi/sibgrapi2009.html#SchwartzD09; http://doi.ieeecomputersociety.org/10.1109/SIBGRAPI.2009.42; http://www.bibsonomy.org/bibtex/23512cbbed299e6cb42423a62bbd67ce1/dblp",
	x-fetchedfrom = "Bibsonomy",
	year = 2009
}

@inproceedings{oreifej2010,
	added-at = "2010-11-02T00:00:00.000+0100",
	author = "Oreifej, O. and Mehran, R. and Shah, M.",
	booktitle = "{CVPR}",
	crossref = "conf/cvpr/2010",
	interhash = "3d10937970b4f6f774a86822ac92cd1f",
	intrahash = "285f079353f0fa72720ad55d4939e5d7",
	keywords = "dblp",
	pages = "709--716",
	publisher = "IEEE",
	title = "{Human identity recognition in aerial images}",
	url = "http://dblp.uni-trier.de/db/conf/cvpr/cvpr2010.html#OreifejMS10; http://dx.doi.org/10.1109/CVPR.2010.5540147; http://www.bibsonomy.org/bibtex/2285f079353f0fa72720ad55d4939e5d7/dblp",
	x-fetchedfrom = "Bibsonomy",
	year = 2010
}

@inproceedings{dantcheva2010,
	added-at = "2012-04-30T00:00:00.000+0200",
	author = "Dantcheva, A. and Dugelay, J.-L. and Elia, P.",
	booktitle = "{MMSP}",
	crossref = "conf/mmsp/2010",
	interhash = "f6ea062cd51df4385922a824c976b837",
	intrahash = "2605ba8ed793f932829be79ad62d1c77",
	isbn = "978-1-4244-8110-1",
	keywords = "dblp",
	pages = "511--516",
	publisher = "IEEE",
	title = "{Person recognition using a bag of facial soft biometrics (BoFSB).}",
	url = "http://dblp.uni-trier.de/db/conf/mmsp/mmsp2010.html#DantchevaDE10; http://dx.doi.org/10.1109/MMSP.2010.5662074; http://www.bibsonomy.org/bibtex/22605ba8ed793f932829be79ad62d1c77/dblp",
	x-fetchedfrom = "Bibsonomy",
	year = 2010
}

@inproceedings{godil2003,
	abstract = "dblp",
	added-at = "2004-07-19T00:00:00.000+0200",
	author = "Godil, A. and Grother, P. and Ressler, S.",
	booktitle = "{3DIM}",
	crossref = "conf/3dim/2003",
	date = "2004-07-19",
	interhash = "0d52cfe309ddebc34f0db3c76750d583",
	intrahash = "97669329e78e4d732979c0812a661c35",
	isbn = "0-7695-1991-1",
	keywords = "dblp",
	pages = "386--393",
	publisher = "IEEE Computer Society",
	title = "{Human Identification from Body Shape}",
	url = "http://dblp.uni-trier.de/db/conf/3dim/3dim2003.html#GodilGR03; http://csdl.computer.org/comp/proceedings/3dim/2003/1991/00/19910386abs.htm; http://www.bibsonomy.org/bibtex/297669329e78e4d732979c0812a661c35/dblp",
	x-fetchedfrom = "Bibsonomy",
	year = 2003
}

@inproceedings{jain2009,
	added-at = "2010-07-21T15:59:19.000+0200",
	author = "Jain, A. K. and Park, U.",
	booktitle = "{ICIP}",
	crossref = "conf/icip/2009",
	date = "2010-05-24",
	interhash = "ec29dcb91d64a75aecdb844bf513f2a9",
	intrahash = "cd4b64b80d5919042d126db1e4bbac50",
	isbn = "978-1-4244-5654-3",
	keywords = "dblp",
	pages = "37--40",
	publisher = "IEEE",
	title = "{Facial marks: Soft biometric for face recognition}",
	url = "http://dblp.uni-trier.de/db/conf/icip/icip2009.html#JainP09; http://dx.doi.org/10.1109/ICIP.2009.5413921; http://www.bibsonomy.org/bibtex/2cd4b64b80d5919042d126db1e4bbac50/dblp",
	x-fetchedfrom = "Bibsonomy",
	year = 2009
}

@inproceedings{kuo2010,
	added-at = "2010-10-08T00:00:00.000+0200",
	author = "Kuo, Cheng-Hao and Huang, Chang and Nevatia, Ram",
	booktitle = "{ECCV (1)}",
	crossref = "conf/eccv/2010-1",
	editor = "Daniilidis, Kostas and Maragos, Petros and Paragios, Nikos",
	interhash = "172ef5e5ea5053eafdb3c4d5645a171d",
	intrahash = "f75b74829d548d3bb6644c2c82f329c8",
	isbn = "978-3-642-15548-2",
	keywords = "dblp",
	pages = "383--396",
	publisher = "Springer",
	series = "{Lecture Notes in Computer Science}",
	title = "{Inter-camera Association of Multi-target Tracks by On-Line Learned Appearance Affinity Models.}",
	url = "http://dblp.uni-trier.de/db/conf/eccv/eccv2010-1.html#KuoHN10; http://dx.doi.org/10.1007/978-3-642-15549-9_28; http://www.bibsonomy.org/bibtex/2f75b74829d548d3bb6644c2c82f329c8/dblp",
	volume = 6311,
	x-fetchedfrom = "Bibsonomy",
	year = 2010
}

@inproceedings{jungling2010,
	added-at = "2012-10-18T00:00:00.000+0200",
	author = "J{\"u}ngling, Kai and Arens, Michael",
	booktitle = "{AVSS}",
	crossref = "conf/avss/2010",
	interhash = "f4a46864ac751c266bbd09a1f0e190bf",
	intrahash = "09252ac9d464c0cd083747e389e2a660",
	isbn = "978-0-7695-4264-5",
	keywords = "dblp",
	pages = "448--455",
	publisher = "IEEE Computer Society",
	title = "{Local Feature Based Person Reidentification in Infrared Image Sequences.}",
	url = "http://dblp.uni-trier.de/db/conf/avss/avss2010.html#JunglingA10; http://doi.ieeecomputersociety.org/10.1109/AVSS.2010.75; http://www.bibsonomy.org/bibtex/209252ac9d464c0cd083747e389e2a660/dblp",
	x-fetchedfrom = "Bibsonomy",
	year = 2010
}

@inproceedings{xin2011,
	added-at = "2011-05-22T00:00:00.000+0200",
	author = "Xin, Hai and Ai, Haizhou and Chao, Hui and Tretter, Daniel",
	booktitle = "{FG}",
	crossref = "conf/fgr/2011",
	interhash = "b24bad2448fa2d844f7160dd4e5b451f",
	intrahash = "eb15c8839ddbb897f34f665e195005aa",
	keywords = "dblp",
	pages = "227--232",
	publisher = "IEEE",
	title = "{Human head-shoulder segmentation}",
	url = "http://dblp.uni-trier.de/db/conf/fgr/fg2011.html#XinACT11; http://dx.doi.org/10.1109/FG.2011.5771402; http://www.bibsonomy.org/bibtex/2eb15c8839ddbb897f34f665e195005aa/dblp",
	x-fetchedfrom = "Bibsonomy",
	year = 2011
}

@inproceedings{schuon2009,
	abstract = "dblp",
	added-at = "2009-12-31T00:00:00.000+0100",
	author = "Schuon, Sebastian and Theobalt, Christian and Davis, James and Thrun, Sebastian",
	booktitle = "{CVPR}",
	crossref = "conf/cvpr/2009",
	date = "2009-12-31",
	interhash = "53735e0b9631dd9499d97c549fb946d8",
	intrahash = "4146b83ff977e939df638292496a7d7b",
	isbn = "978-1-4244-3992-8",
	keywords = "dblp",
	pages = "343--350",
	publisher = "IEEE",
	title = "{LidarBoost: Depth superresolution for ToF 3D shape scanning}",
	url = "http://dblp.uni-trier.de/db/conf/cvpr/cvpr2009.html#SchuonTDT09; http://doi.ieeecomputersociety.org/10.1109/CVPRW.2009.5206804; http://www.bibsonomy.org/bibtex/24146b83ff977e939df638292496a7d7b/dblp",
	x-fetchedfrom = "Bibsonomy",
	year = 2009
}

@inproceedings{jungling2011,
	added-at = "2012-10-18T00:00:00.000+0200",
	author = "J{\"u}ngling, Kai and Arens, Michael",
	booktitle = "{AVSS}",
	crossref = "conf/avss/2011",
	interhash = "180a3cce32b163607aa15845fcc2e253",
	intrahash = "3d10d4146da1004120ab8656be7f6c2c",
	isbn = "978-1-4577-0845-9",
	keywords = "dblp",
	pages = "197--202",
	publisher = "IEEE Computer Society",
	title = "{View-invariant person re-identification with an Implicit Shape Model}",
	url = "http://dblp.uni-trier.de/db/conf/avss/avss2011.html#JunglingA11; http://doi.ieeecomputersociety.org/10.1109/AVSS.2011.6027319; http://www.bibsonomy.org/bibtex/23d10d4146da1004120ab8656be7f6c2c/dblp",
	x-fetchedfrom = "Bibsonomy",
	year = 2011
}

@inproceedings{vanbaar2012,
	added-at = "2012-12-12T00:00:00.000+0100",
	author = "van Baar, Jeroen and Beardsley, Paul A. and Pollefeys, Marc and Gross, Markus H.",
	booktitle = "{3DIMPVT}",
	crossref = "conf/3dim/2012",
	interhash = "b4d635032f58a46ce309ac2f36581bf3",
	intrahash = "81a5dd8f4b7d0a01f40da17e3f4b06e0",
	isbn = "978-1-4673-4470-8",
	keywords = "dblp",
	pages = "472--478",
	publisher = "IEEE",
	title = "{Sensor Fusion for Depth Estimation, including TOF and Thermal Sensors}",
	url = "http://dblp.uni-trier.de/db/conf/3dim/3dimpvt2012.html#BaarBPG12; http://doi.ieeecomputersociety.org/10.1109/3DIMPVT.2012.69; http://www.bibsonomy.org/bibtex/281a5dd8f4b7d0a01f40da17e3f4b06e0/dblp",
	x-fetchedfrom = "Bibsonomy",
	year = 2012
}

@article{lafuente2010,
	acmid = "1628558",
	address = "Tarrytown, NY, USA",
	author = "Lafuente-Arroyo, S. and Salcedo-Sanz, S. and Maldonado-Basc{\'o}n, S. and Portilla-Figueras, J. A. and L{\'o}pez-Sastre, R. J.",
	doi = "10.1016/j.eswa.2009.05.102",
	issn = "0957-4174",
	issue = "1",
	journal = "Expert Syst. Appl.",
	keywords = "Geographic information systems; Keep-clear signs management; Support vector machines",
	localfile = "trafficSigns/unreviewed/lafuente2010.pdf",
	month = "January",
	numpages = "7",
	pages = "767--773",
	publisher = "Pergamon Press, Inc.",
	title = "{A decision support system for the automatic management of keep-clear signs based on support vector machines and geographic information systems}",
	url = "http://dl.acm.org/citation.cfm?id=1628324.1628558",
	volume = "37",
	year = "2010"
}

@article{ruta2011,
	affiliation = "School of Information Systems, Computing and Mathematics, Brunel University, Uxbridge, Middlesex, UB8 3PH UK",
	author = "Ruta, A. and Porikli, F. and Watanabe, S. and Li, Y.",
	doi = "10.1007/s00138-009-0231-x",
	issn = "0932-8092",
	issue = "2",
	journal = "Machine Vision and Applications",
	keyword = "Computer Science",
	localfile = "trafficSigns/ruta2011.pdf",
	pages = "359--375",
	publisher = "Springer Berlin / Heidelberg",
	title = "{In-vehicle camera traffic sign detection and recognition}",
	url = "http://dx.doi.org/10.1007/s00138-009-0231-x",
	volume = "22",
	x-fetchedfrom = "SpringerLink",
	year = "2011"
}

@inproceedings{overett2011,
	author = "Overett, G. and Petersson, L.",
	booktitle = "{Intelligent Vehicles Symposium (IV), 2011 IEEE}",
	doi = "10.1109/IVS.2011.5940549",
	issn = "1931-0587",
	keywords = "HOG feature variants; New Zealand speed sign detection problem; histogram of oriented gradients; large scale sign detection; national road networks; traffic sign detection; automated highways; feature extraction; object detection; object recognition",
	localfile = "trafficSigns/unreviewed/overett2011.pdf",
	month = "june",
	pages = "326--331",
	title = "{Large scale sign detection using HOG feature variants}",
	year = "2011"
}

@inproceedings{kastner2010,
	author = "Kastner, R. and Michalke, T. and Burbach, T. and Fritsch, J. and Goerick, C.",
	booktitle = "{Intelligent Vehicles Symposium (IV), 2010 IEEE}",
	doi = "10.1109/IVS.2010.5548143",
	issn = "1931-0587",
	keywords = "attention-based traffic sign recognition systems; driver assistance; probability value; two-tiered process; warning signs; weak classifiers; object recognition; pattern classification; probability; traffic engineering computing",
	localfile = "trafficSigns/kastner2010.pdf",
	month = "june",
	pages = "333--339",
	title = "{Attention-based traffic sign recognition with an array of weak classifiers}",
	year = "2010"
}

@inproceedings{boi2011,
	author = "Boi, F. and Gagliardini, L.",
	booktitle = "{Neural Networks (IJCNN), The 2011 International Joint Conference on}",
	localfile = "trafficSigns/boi2011.pdf",
	organization = "IEEE",
	pages = "2210--2216",
	title = "{A Support Vector Machines network for traffic sign recognition}",
	x-fetchedfrom = "Google Scholar",
	year = "2011"
}

@inproceedings{ciresan2011,
	author = "Ciresan, D. and Meier, U. and Masci, J. and Schmidhuber, J.",
	booktitle = "{Neural Networks (IJCNN), The 2011 International Joint Conference on}",
	localfile = "trafficSigns/ciresan2011.pdf",
	organization = "IEEE",
	pages = "1918--1921",
	title = "{A committee of neural networks for traffic sign classification}",
	x-fetchedfrom = "Google Scholar",
	year = "2011"
}

@inproceedings{sermanet2011,
	author = "Sermanet, P. and LeCun, Y.",
	booktitle = "{Neural Networks (IJCNN), The 2011 International Joint Conference on}",
	localfile = "trafficSigns/sermanet2011.pdf",
	organization = "IEEE",
	pages = "2809--2813",
	title = "{Traffic sign recognition with multi-scale Convolutional Networks}",
	x-fetchedfrom = "Google Scholar",
	year = "2011"
}

@inproceedings{zaklouta2011,
	author = "Zaklouta, F. and Stanciulescu, B. and Hamdoun, O.",
	booktitle = "{Neural Networks (IJCNN), The 2011 International Joint Conference on}",
	doi = "10.1109/IJCNN.2011.6033494",
	issn = "2161-4393",
	keywords = "German traffic sign benchmark; HOG descriptor; K-d tree; classification rate; distance transform; histogram of oriented gradients; random forest; traffic sign classification; tree classifier; gradient methods; pattern classification; random processes; traffic engineering computing; transforms; tree data structures",
	localfile = "trafficSigns/zaklouta2011.pdf",
	month = "31 2011-aug. 5",
	pages = "2151--2155",
	title = "{Traffic sign classification using K-d trees and Random Forests}",
	year = "2011"
}

@inproceedings{liu2002,
	author = "Liu, H. and Liu, D. and Xin, J.",
	booktitle = "{Machine Learning and Cybernetics, 2002. Proceedings. 2002 International Conference on}",
	doi = "10.1109/ICMLC.2002.1176714",
	localfile = "trafficSigns/liu2002.pdf",
	organization = "IEEE",
	pages = "83--86",
	title = "{Real-time recognition of road traffic sign in motion image based on genetic algorithm}",
	volume = "1",
	x-fetchedfrom = "Google Scholar",
	year = "2002"
}

@article{moegelmose2012,
	author = "M{\o}gelmose, A. and Trivedi, M. M. and Moeslund, T. B.",
	journal = "IEEE Intelligent Transportation Systems Transactions and Magazine",
	month = "dec",
	title = "{Vision based Traffic Sign Detection and Analysis for Intelligent Driver Assistance Systems: Perspectives and Survey}",
	volume = "Special Issue on MLFTSR",
	year = "2012"
}

@article{viola2001,
	abstract = {This paper describes a machine learning approach for visual object detection which is capable of processing images extremely rapidly and achieving high detection rates. This work is distinguished by three key contributions. The first is the introduction of a new image representation called the "integral image" which allows the features used by our detector to be computed very quickly. The second is a learning algorithm, based on AdaBoost, which selects a small number of critical visual features from a larger set and yields extremely efficient classifiers. The third contribution is a method for combining increasingly more complex classifiers in a "cascade" which allows background regions of the image to be quickly discarded while spending more computation on promising object-like regions. The cascade can be viewed as an object specific focus-of-attention mechanism which unlike previous approaches provides statistical guarantees that discarded regions are unlikely to contain the object of interest. In the domain of face detection the system yields detection rates comparable to the best previous systems. Used in real-time applications, the detector runs at 15 frames per second without resorting to image differencing or skin color detection.},
	added-at = "2009-09-12T19:19:34.000+0200",
	author = "Viola, P. and Jones, M.",
	doi = "10.1109/CVPR.2001.990517",
	file = "00990517.pdf:Viola2001.pdf:PDF",
	interhash = "6e91e05067cf5a5405f448de79c960fa",
	intrahash = "a740c4bc2c49dbe70127b9680d2002aa",
	issn = "1063-6919",
	journal = "Computer Vision and Pattern Recognition, 2001. CVPR 2001. Proceedings of the 2001 IEEE Computer Society Conference on",
	keywords = "(artificial AdaBoost; applications; background boosted cascade; classification; classifiers; detection detection; extraction; face feature focus-of-attention guarantees; image image; integral intelligence); learning learning; machine mechanism; object processing; rapid real-time regions; representation; simple specific statistical visual",
	pages = "I--511--I--518 vol.1",
	timestamp = "2008.04.01",
	title = "{Rapid object detection using a boosted cascade of simple features}",
	url = "http://www.bibsonomy.org/bibtex/2a740c4bc2c49dbe70127b9680d2002aa/mozaher",
	volume = 1,
	x-fetchedfrom = "Bibsonomy",
	year = 2001
}

@inproceedings{dalal2005,
	abstract = "We study the question of feature sets for robust visual object recognition, adopting linear SVM based human detection as a test case. After reviewing existing edge and gradient based descriptors, we show experimentally that grids of Histograms of Oriented Gradient (HOG) descriptors significantly outperform existing feature sets for human detection. We study the influence of each stage of the computation on performance, concluding that fine-scale gradients, fine orientation binning, relatively coarse spatial binning, and high-quality local contrast normalization in overlapping descriptor blocks are all important for good results. The new approach gives near-perfect separation on the original MIT pedestrian database, so we introduce a more challenging dataset containing over 1800 annotated human images with a large range of pose variations and backgrounds.",
	added-at = "2009-08-24T22:23:57.000+0200",
	author = "Dalal, N. and Triggs, B.",
	booktitle = "{CVPR}",
	citeulike-article-id = "335784",
	citeulike-linkout-0 = "http://ieeexplore.ieee.org/xpls/abs\_all.jsp?arnumber=1467360",
	description = "Human Detection",
	file = ":paperpool\\hog.pdf:PDF",
	interhash = "a19602b4d8fd42e73d957ae456280c17",
	intrahash = "3765f5c9ab9abdf0efe63d50c64147d5",
	keywords = "detection; vision",
	posted-at = "2007-03-13 17:24:40",
	priority = "2",
	timestamp = "2009.07.12",
	title = "{Histograms of Oriented Gradients for Human Detection}",
	url = "http://ieeexplore.ieee.org/xpls/abs_all.jsp?arnumber=1467360; http://www.bibsonomy.org/bibtex/23765f5c9ab9abdf0efe63d50c64147d5/sitrke",
	x-fetchedfrom = "Bibsonomy",
	year = 2005
}

@article{schulz2003,
	abstract = "dblp",
	added-at = "2004-01-26T00:00:00.000+0100",
	author = "Schulz, D. and Burgard, W. and Fox, D. and Cremers, A. B.",
	date = "2004-01-26",
	interhash = "e52a2dd178a7fd465befee5961809ea7",
	intrahash = "532950d54c75d6c0cadba789372156c3",
	journal = "I. J. Robotic Res.",
	keywords = "dblp",
	number = 2,
	pages = "99--116",
	title = "{People Tracking with Mobile Robots Using Sample-based Joint Probabilistic Data Association Filters.}",
	url = "http://dblp.uni-trier.de/db/journals/ijrr/ijrr22.html#SchulzBFC03; http://www.bibsonomy.org/bibtex/2532950d54c75d6c0cadba789372156c3/dblp",
	volume = 22,
	x-fetchedfrom = "Bibsonomy",
	year = 2003
}

@inproceedings{xia2011,
	author = "Xia, L. and Chen, C. and Aggarwal, J.K.",
	booktitle = "{Computer Vision and Pattern Recognition Workshops (CVPRW), 2011 IEEE Computer Society Conference on}",
	doi = "10.1109/CVPRW.2011.5981811",
	issn = "2160-7508",
	keywords = "2D head contour model; 3D head surface model; Kinect; Xbox 360; depth information; human detection method; human segmantation; image segmentation; object detection",
	month = "june",
	pages = "15--22",
	title = "{Human detection using depth information by Kinect}",
	year = "2011"
}

@incollection{ikemura2010,
	affiliation = "Dept. of Computer Science, Chubu University, Matsumoto 1200, Kasugai, Aichi 487-8501, Japan",
	author = "Ikemura, S. and Fujiyoshi, H.",
	booktitle = "{ACCV 2010}",
	isbn = "978-3-642-19281-4",
	keyword = "Computer Science",
	note = "10.1007/978-3-642-19282-1\_3",
	pages = "25--38",
	publisher = "Springer Berlin / Heidelberg",
	series = "{Lecture Notes in Computer Science}",
	title = "{Real-Time Human Detection Using Relational Depth Similarity Features}",
	url = "http://dx.doi.org/10.1007/978-3-642-19282-1_3",
	volume = "6495",
	year = "2011"
}

@incollection{parameswaran2012,
	affiliation = "Nokia Research Center, Palo Alto, CA, USA",
	author = "Parameswaran, V. and Shet, V. and Ramesh, V.",
	booktitle = "{Video Analytics for Business Intelligence}",
	isbn = "978-3-642-28597-4",
	keyword = "Engineering",
	note = "10.1007/978-3-642-28598-1\_11",
	pages = "355--373",
	publisher = "Springer Berlin / Heidelberg",
	series = "{Studies in Computational Intelligence}",
	title = "{Design and Validation of a System for People Queue Statistics Estimation}",
	url = "http://dx.doi.org/10.1007/978-3-642-28598-1_11",
	volume = "409",
	year = "2012"
}

@inproceedings{beymer1997,
	author = "Beymer, D. and McLauchlan, P. and Coifman, B. and Malik, J.",
	booktitle = "{Computer Vision and Pattern Recognition, 1997. Proceedings., 1997 IEEE Computer Society Conference on}",
	doi = "10.1109/CVPR.1997.609371",
	issn = "1063-6919",
	keywords = "DSP chips; feature-based tracking approach; free-flowing traffic; freeways; partial occlusion; real-time computer vision system; traffic parameters measurements; vehicles tracking; computer vision; digital signal processing chips; real-time systems; road traffic; traffic control; traffic engineering computing",
	month = "jun",
	number = "",
	pages = "495--501",
	title = "{A real-time computer vision system for measuring traffic parameters}",
	volume = "",
	year = "1997"
}

@article{jacques2010,
	author = "{Jacques Junior}, J.C.S. and Musse, S.R. and Jung, C.R.",
	doi = "10.1109/MSP.2010.937394",
	issn = "1053-5888",
	journal = "Signal Processing Magazine, IEEE",
	keywords = "computer graphics; computer vision techniques; crowd analysis; crowd density estimation; event detection; computer graphics; computer vision",
	month = "sept.",
	number = "5",
	pages = "66--77",
	title = "{Crowd Analysis Using Computer Vision Techniques}",
	volume = "27",
	year = "2010"
}

@inproceedings{tian2011,
	author = "Tian, B. and Yao, Q. and Gu, Y. and Wang, K. and Li, Y.",
	booktitle = "{Intelligent Transportation Systems (ITSC), 2011 14th International IEEE Conference on}",
	doi = "10.1109/ITSC.2011.6083125",
	issn = "2153-0009",
	keywords = "Kalman filter; active contour-based tracking; background modeling based methods; computer vision; feature-based tracking; illumination; nighttime detection; particle filter; shadow detection; traffic flow monitoring; vehicle detection; video processing techniques; video-based traffic flow monitoring; Kalman filters; computer vision; particle filtering (numerical methods); road traffic; video signal processing",
	month = "oct.",
	number = "",
	pages = "1103--1108",
	title = "{Video processing techniques for traffic flow monitoring: A survey}",
	volume = "",
	year = "2011"
}

@article{zhan2008,
	affiliation = "Kingston University Digital Imaging Research Centre Kingston upon Thames UK",
	author = "Zhan, B. and Monekosso, D. and Remagnino, P. and Velastin, S. and Xu, L.-Q.",
	issn = "0932-8092",
	issue = "5",
	journal = "Machine Vision and Applications",
	keyword = "Computer Science",
	note = "10.1007/s00138-008-0132-4",
	pages = "345--357",
	publisher = "Springer Berlin / Heidelberg",
	title = "{Crowd analysis: a survey}",
	url = "http://dx.doi.org/10.1007/s00138-008-0132-4",
	volume = "19",
	year = "2008"
}

@misc{blip2012,
	author = "Blip~Systems",
	howpublished = "http://www.bliptrack.com/airport/area-of-operations/",
	title = "{Blip Track Airport}",
	year = "2012"
}

@inproceedings{farenzena2010,
	added-at = "2010-11-02T00:00:00.000+0100",
	author = "Farenzena, M. and Bazzani, L. and Perina, A. and Murino, V. and Cristani, M.",
	booktitle = "{CVPR}",
	interhash = "d1378a5f4004173301e0a8c056ff8710",
	intrahash = "c2d4e6061cbab23d25067a19ded12eeb",
	journal = "CVPR",
	keywords = "dblp",
	title = "{Person re-identification by symmetry-driven accumulation of local features}",
	url = "http://dblp.uni-trier.de/db/conf/cvpr/cvpr2010.html#FarenzenaBPMC10; http://dx.doi.org/10.1109/CVPR.2010.5539926; http://www.bibsonomy.org/bibtex/2c2d4e6061cbab23d25067a19ded12eeb/dblp",
	x-fetchedfrom = "Bibsonomy",
	year = 2010
}

@article{golub1970,
	author = "Golub, G.H. and Reinsch, C.",
	doi = "10.1007/BF02163027",
	issn = "0029-599X",
	issue = "5",
	journal = "Numerische Mathematik",
	language = "English",
	pages = "403--420",
	publisher = "Springer-Verlag",
	title = "{Singular value decomposition and least squares solutions}",
	url = "http://dx.doi.org/10.1007/BF02163027",
	volume = "14",
	year = "1970"
}

@inbook{bradski2008,
	author = "Bradski, G. and Kaehler, A.",
	chapter = "7",
	pages = "201--202",
	publisher = "O'Reilly",
	title = "{Learning OpenCV}",
	year = "2008"
}

@article{han2012,
	added-at = "2012-11-06T00:00:00.000+0100",
	author = "Han, J. and Pauwels, E. J. and de Zeeuw, P. M. and de With, P. H. N.",
	interhash = "62a947e5fd73aad22e5ef8af7222d34a",
	intrahash = "3257ce900711e378d508b71f41cab795",
	journal = "IEEE Trans. Consumer Electronics",
	keywords = "dblp",
	number = 2,
	pages = "255--263",
	title = "{Employing a RGB-D sensor for real-time tracking of humans across multiple re-entries in a smart environment.}",
	url = "http://dblp.uni-trier.de/db/journals/tce/tce58.html#HanPZW12; http://dx.doi.org/10.1109/TCE.2012.6227420; http://www.bibsonomy.org/bibtex/23257ce900711e378d508b71f41cab795/dblp",
	volume = 58,
	x-fetchedfrom = "Bibsonomy",
	year = 2012
}

@article{borgefors1988,
	author = "Borgefors, G.",
	journal = "IEEE Transactions on Pattern Analysis and Machine Intelligence",
	month = "November",
	number = "6",
	pages = "849865",
	title = "{Hierachical Chamfer Matching: A Parametric Edge Matching Algorithm}",
	volume = "10",
	year = "1988"
}

@inproceedings{butler2012,
	acmid = "2208335",
	address = "New York, NY, USA",
	author = "Butler, D. A. and Izadi, S. and Hilliges, O. and Molyneaux, D. and Hodges, S. and Kim, D.",
	booktitle = "{Proceedings of the 2012 ACM annual conference on Human Factors in Computing Systems}",
	doi = "10.1145/2208276.2208335",
	isbn = "978-1-4503-1015-4",
	location = "Austin, Texas, USA",
	numpages = "4",
	pages = "1933--1936",
	publisher = "ACM",
	series = "{CHI '12}",
	title = "{Shake'n'sense: reducing interference for overlapping structured light depth cameras}",
	url = "http://doi.acm.org/10.1145/2208276.2208335",
	year = "2012"
}

@article{mazzon2012,
	added-at = "2012-10-19T00:00:00.000+0200",
	author = "Mazzon, R. and Tahir, S. F. and Cavallaro, A.",
	interhash = "5a40df61949a6c5f99a403e16e4c0fbb",
	intrahash = "4a8396435316b30420d6811c176359b0",
	journal = "Pattern Recognition Letters",
	keywords = "dblp",
	number = 14,
	pages = "1828--1837",
	title = "{Person re-identification in crowd}",
	url = "http://dblp.uni-trier.de/db/journals/prl/prl33.html#MazzonTC12; http://dx.doi.org/10.1016/j.patrec.2012.02.014; http://www.bibsonomy.org/bibtex/24a8396435316b30420d6811c176359b0/dblp",
	volume = 33,
	x-fetchedfrom = "Bibsonomy",
	year = 2012
}

@article{mazzon2012b,
	author = "Mazzon, R. and Cavallaro, A.",
	doi = "10.1016/j.neucom.2011.09.038",
	title = "{Multi-camera tracking using a Multi-Goal Social Force Model}",
	url = "http://www.sciencedirect.com/science/article/pii/S092523121200327X"
}

@article{truongcong2010,
	added-at = "2010-11-09T00:00:00.000+0100",
	author = "{Truong Cong}, D.-N. and Khoudour, L. and Achard, C. and Meurie, C. and Lezoray, O.",
	interhash = "b1f8a8507ffdf3dcfab20b7a2d3cd95e",
	intrahash = "b716bccb96621861f48791dd141b4842",
	journal = "Signal Processing",
	keywords = "dblp",
	number = 8,
	pages = "2362--2374",
	title = "{People re-identification by spectral classification of silhouettes}",
	url = "http://dblp.uni-trier.de/db/journals/sigpro/sigpro90.html#CongKAML10; http://dx.doi.org/10.1016/j.sigpro.2009.09.005; http://www.bibsonomy.org/bibtex/2b716bccb96621861f48791dd141b4842/dblp",
	volume = 90,
	x-fetchedfrom = "Bibsonomy",
	year = 2010
}

@proceedings{gafurov2007,
	author = "Gafurov, D.",
	booktitle = "{NIK}",
	title = "{A Survey of Biometric Gait Recognition: Approaches, Security and Challenges}",
	year = "2007"
}

@misc{huang1999,
	abstract = "A system and method are provided for detecting, collecting information about, and analyzing a queue. A video camera is positioned to view the queue, and a sequence of video images from the camera may be processed in order to perform the functionality of the present invention. The present invention may be implemented at checkout lanes in a retail establishment, in a bank, at customer service desks, at self-service kiosks, at banks, or any other location where a queue (line) of people or other objects may form. After detecting the queue, the present invention may collect multi-dimensional information regarding the queue, including the number of people, etc., in the queue, the average service time for each person in the queue, as well as various other types of information regarding the queue. The present invention may thereafter analyze the collected information in various ways, based upon various criteria. For example, a retailer may use the analyzed information to minimize service time for people in a checkout line, in a way which makes economic sense.",
	author = "Huang, J. and Florencio, D. A. F.",
	howpublished = "Patent",
	month = "09",
	note = "US 5953055",
	title = "{System and method for detecting and analyzing a queue}",
	url = "http://www.patentlens.net/patentlens/patent/US_5953055/en",
	year = "1999"
}

@article{mann1969,
	author = "Mann, L.",
	issn = "00029602",
	journal = "American Journal of Sociology",
	number = "3",
	pages = "pp. 340--354",
	publisher = "The University of Chicago Press",
	title = "{Queue Culture: The Waiting Line as a Social System}",
	volume = "75",
	year = "1969"
}

@article{mann1969b,
	author = "Mann, L. and Taylor, K. F.",
	issn = "1939-1315(Electronic);0022-3514(Print)",
	journal = "Journal of Personality and Social Psychology",
	location = "US",
	number = "2",
	pages = "95--103",
	publisher = "American Psychological Association",
	title = "{Queue counting: The effect of motives upon estimates of numbers in waiting lines.}",
	volume = "12",
	year = "1969"
}

@article{larson1987,
	author = "Larson, R. C.",
	copyright = "Copyright © 1987 INFORMS",
	issn = "0030364X",
	journal = "Operations Research",
	language = "English",
	number = "6",
	pages = "pp. 895--905",
	publisher = "INFORMS",
	title = "{Perspectives on Queues: Social Justice and the Psychology of Queueing}",
	url = "http://www.jstor.org/stable/171439",
	volume = "35",
	year = "1987"
}

@article{ahmadi1997,
	author = "Ahmadi, R. H.",
	copyright = "Copyright © 1997 INFORMS",
	issn = "0030364X",
	journal = "Operations Research",
	language = "English",
	number = "1",
	pages = "pp. 1--13",
	publisher = "INFORMS",
	title = "{Managing Capacity and Flow at Theme Parks}",
	volume = "45",
	year = "1997"
}

@article{helweg-larsen2008,
	author = "Helweg-Larsen, M. and LoMonaco, B. L.",
	issn = "1559-1816",
	journal = "Journal of Applied Social Psychology",
	number = "9",
	pages = "2378--2393",
	publisher = "Blackwell Publishing Inc",
	title = "{Queuing Among U2 Fans: Reactions to Social Norm Violations}",
	volume = "38",
	year = "2008"
}

@article{bak2012b,
	added-at = "2012-09-07T00:00:00.000+0200",
	author = "Bak, S. and Corv{\'e}e, E. and Br{\'e}mond, F. and Thonnat, M.",
	interhash = "b62de9891d37d4cad4dc658ceca077b0",
	intrahash = "f28b7fb61a8c995ee6a1712150900f4b",
	journal = "Image Vision Comput.",
	keywords = "dblp",
	number = "6-7",
	pages = "443--452",
	title = "{Boosted human re-identification using Riemannian manifolds}",
	url = "http://dblp.uni-trier.de/db/journals/ivc/ivc30.html#BakCBT12; http://dx.doi.org/10.1016/j.imavis.2011.08.008; http://www.bibsonomy.org/bibtex/2f28b7fb61a8c995ee6a1712150900f4b/dblp",
	volume = 30,
	x-fetchedfrom = "Bibsonomy",
	year = 2012
}

@article{gandhi2007,
	abstract = "dblp",
	added-at = "2007-09-19T00:00:00.000+0200",
	author = "Gandhi, T. and Trivedi, M. M.",
	date = "2007-09-19",
	interhash = "1220a7b7e131e6179943f82e06065763",
	intrahash = "69ee02dc93827f60fec57ba3f5b744f6",
	journal = "Mach. Vis. Appl.",
	keywords = "dblp",
	number = "3-4",
	pages = "207--220",
	title = "{Person tracking and reidentification: Introducing Panoramic Appearance Map (PAM) for feature representation}",
	url = "http://dblp.uni-trier.de/db/journals/mva/mva18.html#GandhiT07; http://dx.doi.org/10.1007/s00138-006-0063-x; http://www.bibsonomy.org/bibtex/269ee02dc93827f60fec57ba3f5b744f6/dblp",
	volume = 18,
	x-fetchedfrom = "Bibsonomy",
	year = 2007
}

@article{bazzani2012,
	added-at = "2012-04-22T00:00:00.000+0200",
	author = "Bazzani, L. and Cristani, M. and Perina, A. and Murino, V.",
	interhash = "c1964d59ff74e31ed9e6f26cd20ecc7e",
	intrahash = "77d9684e878d9fe78074b81d9eededa9",
	journal = "Pattern Recognition Letters",
	keywords = "dblp",
	number = 7,
	pages = "898--903",
	title = "{Multiple-shot person re-identification by chromatic and epitomic analyses.}",
	url = "http://dblp.uni-trier.de/db/journals/prl/prl33.html#BazzaniCPM12; http://dx.doi.org/10.1016/j.patrec.2011.11.016; http://www.bibsonomy.org/bibtex/277d9684e878d9fe78074b81d9eededa9/dblp",
	volume = 33,
	x-fetchedfrom = "Bibsonomy",
	year = 2012
}

@proceedings{gray2007,
	author = "Gray, D. and Brennan, S. and Tao, H.",
	booktitle = "{IEEE International Workshop on Performance Evaluation of Tracking and Surveillance (PETS)}",
	title = "{Evaluating Appearance Models for Recognition, Reacquisition, and Tracking}",
	year = "2007"
}

@article{bird2005,
	author = "Bird, N.D. and Masoud, O. and Papanikolopoulos, N.P. and Isaacs, A.",
	issn = "1524-9050",
	journal = "Intelligent Transportation Systems, IEEE Transactions on",
	month = "june",
	number = "2",
	pages = "167--177",
	title = "{Detection of loitering individuals in public transportation areas}",
	volume = "6",
	year = "2005"
}

@article{teixeira2009,
	abstract = "dblp",
	added-at = "2009-09-04T00:00:00.000+0200",
	author = "Teixeira, L. F. and Corte-Real, L.",
	date = "2009-09-04",
	interhash = "6a2829098cb6a1a8b544bfd638ee71b8",
	intrahash = "4adafb6ebf6cbcea6952c91a663e3293",
	journal = "Pattern Recognition Letters",
	keywords = "dblp",
	number = 2,
	pages = "157--167",
	title = "{Video object matching across multiple independent views using local descriptors and adaptive learning}",
	url = "http://dblp.uni-trier.de/db/journals/prl/prl30.html#TeixeiraC09; http://dx.doi.org/10.1016/j.patrec.2008.04.001; http://www.bibsonomy.org/bibtex/24adafb6ebf6cbcea6952c91a663e3293/dblp",
	volume = 30,
	x-fetchedfrom = "Bibsonomy",
	year = 2009
}

@article{nakajima2003,
	abstract = "dblp",
	added-at = "2004-02-12T00:00:00.000+0100",
	author = "Nakajima, C. and Pontil, M. and Heisele, B. and Poggio, T.",
	date = "2004-02-12",
	interhash = "c3e394a7e0b426d5d1f29d020a81e823",
	intrahash = "163c3321037af0aa402ee7976568cff7",
	journal = "Pattern Recognition",
	keywords = "dblp",
	number = 9,
	pages = "1997--2006",
	title = "{Full-body person recognition system}",
	url = "http://dblp.uni-trier.de/db/journals/pr/pr36.html#NakajimaPHP03; http://dx.doi.org/10.1016/S0031-3203(03)00061-X; http://www.bibsonomy.org/bibtex/2163c3321037af0aa402ee7976568cff7/dblp",
	volume = 36,
	x-fetchedfrom = "Bibsonomy",
	year = 2003
}

@inproceedings{wang2005,
	acmid = "1099412",
	address = "New York, NY, USA",
	author = "Wang, Y.-F. and Chang, E. Y. and Cheng, K. P.",
	booktitle = "{Proceedings of the third ACM international workshop on Video surveillance \& sensor networks}",
	doi = "10.1145/1099396.1099412",
	isbn = "1-59593-242-9",
	location = "Hilton, Singapore",
	numpages = "8",
	pages = "71--78",
	publisher = "ACM",
	series = "{VSSN '05}",
	title = "{A video analysis framework for soft biometry security surveillance}",
	url = "http://doi.acm.org/10.1145/1099396.1099412",
	year = "2005"
}

@article{demirkus2010,
	author = "Demirkus, M. and Garg, K. and Guler, S.",
	booktitle = "{Biometric Technology for Human Identification VII}",
	doi = "10.1117/12.851424",
	eprint = "",
	pages = "76670P--76670P--12",
	title = "{Automated person categorization for video surveillance using soft biometrics}",
	url = "http://dx.doi.org/10.1117/12.851424",
	year = "2010"
}

@article{dantcheva2011,
	added-at = "2011-03-22T00:00:00.000+0100",
	author = "Dantcheva, A. and Velardo, C. and D'Angelo, A. and Dugelay, J.-L.",
	interhash = "3e0ecf4067e392ea9b2c4adb5a3891eb",
	intrahash = "8fa1e67bd38a1c53d9a296ddf569dddc",
	journal = "Multimedia Tools Appl.",
	keywords = "dblp",
	number = 2,
	pages = "739--777",
	title = "{Bag of soft biometrics for person identification - New trends and challenges}",
	url = "http://dblp.uni-trier.de/db/journals/mta/mta51.html#DantchevaVDD11; http://dx.doi.org/10.1007/s11042-010-0635-7; http://www.bibsonomy.org/bibtex/28fa1e67bd38a1c53d9a296ddf569dddc/dblp",
	volume = 51,
	x-fetchedfrom = "Bibsonomy",
	year = 2011
}

@inproceedings{ober2010,
	author = "Ober, D. B. and Neugebauer, S. P. and Sallee, P. A.",
	booktitle = "{Biometrics: Theory Applications and Systems (BTAS), 2010 Fourth IEEE International Conference on}",
	month = "sept.",
	pages = "1--8",
	title = "{Training and feature-reduction techniques for human identification using anthropometry}",
	year = "2010"
}

@inproceedings{velardo2010,
	author = "Velardo, C. and Dugelay, J.",
	booktitle = "{Biometrics: Theory Applications and Systems (BTAS), 2010 Fourth IEEE International Conference on}",
	doi = "10.1109/BTAS.2010.5634540",
	keywords = "anthropometric data; medical database; performance analysis; regression analysis; visual body appearance; weight estimation; anthropometry; biometrics (access control); image processing; performance evaluation; regression analysis; video surveillance; weighing",
	month = "sept.",
	pages = "1--6",
	title = "{Weight estimation from visual body appearance}",
	year = "2010"
}

@article{niinuma2010,
	added-at = "2011-02-08T00:00:00.000+0100",
	author = "Niinuma, K. and Park, U. and Jain, A. K.",
	interhash = "a2dc4e1842e17356dff1a527171831bc",
	intrahash = "9de9de63411a36873feaba09fbedcd59",
	journal = "IEEE Transactions on Information Forensics and Security",
	keywords = "dblp",
	number = 4,
	pages = "771--780",
	title = "{Soft Biometric Traits for Continuous User Authentication}",
	url = "http://dblp.uni-trier.de/db/journals/tifs/tifs5.html#NiinumaPJ10; http://dx.doi.org/10.1109/TIFS.2010.2075927; http://www.bibsonomy.org/bibtex/29de9de63411a36873feaba09fbedcd59/dblp",
	volume = 5,
	x-fetchedfrom = "Bibsonomy",
	year = 2010
}

@article{ilids,
	howpublished = "http://www.homeoffice.gov.uk/science-research/hosdb/i-lids/",
	title = "{i-LIDS: Image Library for Intelligent Detection Systems}"
}

@article{javed2008,
	author = "Javed, Omar and Shafique, Khurram and Rasheed, Zeeshan and Shah, Mubarak",
	issn = "1077-3142",
	journal = "Computer Vision and Image Understanding",
	number = "2",
	pages = "146--162",
	title = "{Modeling inter-camera space--time and appearance relationships for tracking across non-overlapping views}",
	volume = "109",
	year = "2008"
}

@article{doretto2011,
	added-at = "2011-05-23T00:00:00.000+0200",
	author = "Doretto, Gianfranco and Sebastian, Thomas and Tu, Peter H. and Rittscher, Jens",
	interhash = "0dacc805b379a02d9117b742ee35a628",
	intrahash = "efba953fbb5955b9a686b63ab749e3f8",
	journal = "J. Ambient Intelligence and Humanized Computing",
	keywords = "dblp",
	number = 2,
	pages = "127--151",
	title = "{Appearance-based person reidentification in camera networks: problem overview and current approaches}",
	url = "http://dblp.uni-trier.de/db/journals/jaihc/jaihc2.html#DorettoSTR11; http://dx.doi.org/10.1007/s12652-010-0034-y; http://www.bibsonomy.org/bibtex/2efba953fbb5955b9a686b63ab749e3f8/dblp",
	volume = 2,
	x-fetchedfrom = "Bibsonomy",
	year = 2011
}

@inproceedings{jaynes2005,
	author = "Jaynes, C. and Kale, A. and Sanders, N. and Grossmann, E.",
	booktitle = "{Visual Surveillance and Performance Evaluation of Tracking and Surveillance, 2005. 2nd Joint IEEE International Workshop on}",
	title = "{The Terrascope dataset: scripted multi-camera indoor video surveillance with ground-truth}"
}

@article{mikolajczyk2005,
	abstract = "MAPS citations",
	added-at = "2009-06-09T19:58:38.000+0200",
	address = "Washington, DC, USA",
	author = "Mikolajczyk, Krystian and Schmid, Cordelia",
	doi = "10.1109/TPAMI.2005.188",
	interhash = "ea8a710b21b08ac4cf35d18b01811e8a",
	intrahash = "7f3373d52b39aa90e1a37c21fa7bb5d1",
	issn = "0162-8828",
	journal = "IEEE Trans. Pattern Anal. Mach. Intell.",
	keywords = "imported visual-interest-points",
	number = 10,
	pages = "1615--1630",
	publisher = "IEEE Computer Society",
	title = "{A Performance Evaluation of Local Descriptors}",
	url = "http://www.bibsonomy.org/bibtex/27f3373d52b39aa90e1a37c21fa7bb5d1/zap",
	volume = 27,
	x-fetchedfrom = "Bibsonomy",
	year = 2005
}

@article{lowe2004,
	abstract = "This paper presents a method for extracting distinctive invariant features from images that can be used to perform reliable matching between different views of an object or scene. The features are invariant to image scale and rotation, and are shown to provide robust matching across a substantial range of affine distortion, change in 3D viewpoint, addition of noise, and change in illumination. The features are highly distinctive, in the sense that a single feature can be correctly matched with high probability against a large database of features from many images. This paper also describes an approach to using these features for object recognition. The recognition proceeds by matching individual features to a database of features from known objects using a fast nearest-neighbor algorithm, followed by a Hough transform to identify clusters belonging to a single object, and finally performing verification through least-squares solution for consistent pose parameters. This approach to recognition can robustly identify objects among clutter and occlusion while achieving near real-time performance.",
	added-at = "2011-11-03T18:36:52.000+0100",
	author = "Lowe, David G.",
	description = "SpringerLink - International Journal of Computer Vision, Volume 60, Number 2",
	doi = "10.1023/B:VISI.0000029664.99615.94",
	interhash = "a1c2b94c96ee2ef15ef53e73b7fd9a8d",
	intrahash = "50740e91aa0bbb12529e65ff1a41b608",
	issn = "0920-5691",
	issue = "2",
	journal = "International Journal of Computer Vision",
	keyword = "Computer Science",
	keywords = "distinctive features image",
	pages = "91--110",
	publisher = "Springer Netherlands",
	title = "{Distinctive Image Features from Scale-Invariant Keypoints}",
	url = "http://dx.doi.org/10.1023/B:VISI.0000029664.99615.94; http://www.bibsonomy.org/bibtex/250740e91aa0bbb12529e65ff1a41b608/chris_o",
	volume = 60,
	x-fetchedfrom = "Bibsonomy",
	year = 2004
}

@article{bay2008,
	abstract = "This article presents a novel scale- and rotation-invariant detector and descriptor, coined SURF (Speeded-Up Robust Features). SURF approximates or even outperforms previously proposed schemes with respect to repeatability, distinctiveness, and robustness, yet can be computed and compared much faster. This is achieved by relying on integral images for image convolutions; by building on the strengths of the leading existing detectors and descriptors (specifically, using a Hessian matrix-based measure for the detector, and a distribution-based descriptor); and by simplifying these methods to the essential. This leads to a combination of novel detection, description, and matching steps. The paper encompasses a detailed description of the detector and descriptor and then explores the effects of the most important parameters. We conclude the article with SURF{\rq}s application to two challenging, yet converse goals: camera calibration as a special case of image registration, and object recognition. Our experiments underline SURF{\rq}s usefulness in a broad range of topics in computer vision.",
	added-at = "2012-09-30T19:58:26.000+0200",
	author = "Bay, Herbert and Ess, Andreas and Tuytelaars, Tinne and Gool, Luc Van",
	description = "ScienceDirect.com - Computer Vision and Image Understanding - Speeded-Up Robust Features (SURF)",
	doi = "10.1016/j.cviu.2007.09.014",
	interhash = "befc128dd8bce45a9d0308f72dc9a95a",
	intrahash = "dfea172dfaca0272dcdc66acf92ec58d",
	issn = "1077-3142",
	journal = "Computer Vision and Image Understanding",
	keywords = "detector feature surf",
	note = "Similarity Matching in Computer Vision and Multimedia",
	number = 3,
	pages = "346--359",
	title = "{Speeded-Up Robust Features (SURF)}",
	url = "http://www.sciencedirect.com/science/article/pii/S1077314207001555; http://www.bibsonomy.org/bibtex/2dfea172dfaca0272dcdc66acf92ec58d/daill",
	volume = 110,
	x-fetchedfrom = "Bibsonomy",
	year = 2008
}

@article{leibe2008,
	abstract = "dblp",
	added-at = "2011-11-07T14:02:56.000+0100",
	author = "Leibe, Bastian and Leonardis, Ales and Schiele, Bernt",
	interhash = "24a86fadd43014f32f7cf064893c2adc",
	intrahash = "09b36358b11f7c35465187803280ac75",
	journal = "International Journal of Computer Vision",
	keywords = "detection object",
	number = "1-3",
	pages = "259--289",
	title = "{Robust Object Detection with Interleaved Categorization and Segmentation}",
	url = "http://dblp.uni-trier.de/db/journals/ijcv/ijcv77.html#LeibeLS08; http://dx.doi.org/10.1007/s11263-007-0095-3; http://www.bibsonomy.org/bibtex/209b36358b11f7c35465187803280ac75/lightraven",
	volume = 77,
	x-fetchedfrom = "Bibsonomy",
	year = 2008
}

@inproceedings{jungling2009,
	author = "J{\"u}ngling, Kai and Arens, M.",
	booktitle = "{Computer Vision and Pattern Recognition Workshops, 2009. CVPR Workshops 2009. IEEE Computer Society Conference on}",
	doi = "10.1109/CVPRW.2009.5204085",
	issn = "2160-7508",
	keywords = "Application software; Cameras; Computer vision; Image sequences; Infrared detectors; Layout; Motion detection; Motion segmentation; Object detection; Shape; computer vision; object detection; computer vision; feature based person detection; infrared data; local-feature based object detector; object detection; thermal data; visible spectrum",
	month = "june",
	pages = "30--37",
	title = "{Feature based person detection beyond the visible spectrum}",
	year = "2009"
}

@inproceedings{jungling2009b,
	author = "J{\"u}ngling, K. and Arens, M.",
	booktitle = "{Computer Vision Workshops (ICCV Workshops), 2009 IEEE 12th International Conference on}",
	doi = "10.1109/ICCVW.2009.5457576",
	issn = "",
	keywords = "Computer vision; Conferences; Detectors; Legged locomotion; Object detection; Pattern recognition; Performance gain; Shape; Stability; Videos; feature extraction; object detection; target tracking; video signal processing; object detection; object knowledge collection; object tracking; state-of-the-art local-feature; video-based multitarget tracking; video-data characteristics",
	month = "27 2009-oct. 4",
	number = "",
	pages = "1129--1136",
	title = "{Detection and tracking of objects with direct integration of perception and expectation}",
	volume = "",
	year = "2009"
}

@article{ballard1981,
	abstract = "dblp",
	added-at = "2006-03-29T00:00:00.000+0200",
	author = "Ballard, Dana H.",
	date = "2006-03-29",
	interhash = "d4c4f3683e7ed4a7d141d950dcbb5b3d",
	intrahash = "662280a3fa423bd4be9c5cd79d8df7a6",
	journal = "Pattern Recognition",
	keywords = "dblp",
	number = 2,
	pages = "111--122",
	title = "{Generalizing the Hough transform to detect arbitrary shapes}",
	url = "http://dblp.uni-trier.de/db/journals/pr/pr13.html#Ballard81; http://dx.doi.org/10.1016/0031-3203(81)90009-1; http://www.bibsonomy.org/bibtex/2662280a3fa423bd4be9c5cd79d8df7a6/dblp",
	volume = 13,
	x-fetchedfrom = "Bibsonomy",
	year = 1981
}

@article{solmaz2012,
	added-at = "2012-08-17T00:00:00.000+0200",
	author = "Solmaz, Berkan and Moore, Brian E. and Shah, Mubarak",
	interhash = "2f0b8292f434ade5835fc2d24ce3fbfa",
	intrahash = "aba69affa8b436ee3be376d7824a6fb3",
	journal = "IEEE Trans. Pattern Anal. Mach. Intell.",
	keywords = "dblp",
	number = 10,
	pages = "2064--2070",
	title = "{Identifying Behaviors in Crowd Scenes Using Stability Analysis for Dynamical Systems}",
	url = "http://dblp.uni-trier.de/db/journals/pami/pami34.html#SolmazMS12; http://doi.ieeecomputersociety.org/10.1109/TPAMI.2012.123; http://www.bibsonomy.org/bibtex/2aba69affa8b436ee3be376d7824a6fb3/dblp",
	volume = 34,
	x-fetchedfrom = "Bibsonomy",
	year = 2012
}

@article{moore2011,
	added-at = "2011-11-25T00:00:00.000+0100",
	author = "Moore, Brian E. and Ali, Saad and Mehran, Ramin and Shah, Mubarak",
	interhash = "09db8f3dc23fe0b5b6add68b76f456a8",
	intrahash = "e911f5c0226885d3b9f9949f36c59311",
	journal = "Commun. ACM",
	keywords = "dblp",
	number = 12,
	pages = "64--73",
	title = "{Visual crowd surveillance through a hydrodynamics lens}",
	url = "http://dblp.uni-trier.de/db/journals/cacm/cacm54.html#MooreAMS11; http://doi.acm.org/10.1145/2043174.2043192; http://www.bibsonomy.org/bibtex/2e911f5c0226885d3b9f9949f36c59311/dblp",
	volume = 54,
	x-fetchedfrom = "Bibsonomy",
	year = 2011
}

@article{krotosky2007mutual,
  title={Mutual information based registration of multimodal stereo videos for person tracking},
  author={Krotosky, Stephen J and Trivedi, Mohan M},
  journal={Computer Vision and Image Understanding},
  volume={106},
  number={2},
  pages={270--287},
  year={2007},
  publisher={Elsevier}
}

@article{zhao2012human,
  title={Human segmentation by geometrically fusing visible-light and thermal imageries},
  author={Zhao, Jian and Sen-ching, S Cheung},
  journal={Multimedia Tools and Applications},
  pages={1--29},
  year={2012},
  publisher={Springer}
	}
	
@book{hartley2000multiple,
  title={Multiple view geometry in computer vision},
  author={Hartley, Richard and Zisserman, Andrew},
  volume={2},
  year={2000},
  publisher={Cambridge Univ Press}
}

@article{hartley1999theory,
  title={Theory and practice of projective rectification},
  author={Hartley, Richard I},
  journal={International Journal of Computer Vision},
  volume={35},
  number={2},
  pages={115--127},
  year={1999},
  publisher={Springer}
}

@article{vidas2012mask,
  title={A mask-based approach for the geometric calibration of thermal-infrared cameras},
  author={Vidas, Stephen and Lakemond, Ruan and Denman, Simon and Fookes, Clinton and Sridharan, Sridha and Wark, Tim},
  journal={Instrumentation and Measurement, IEEE Transactions on},
  volume={61},
  number={6},
  pages={1625--1635},
  year={2012},
  publisher={IEEE}
}

@article{bouguet2004camera,
  title={Camera calibration toolbox for matlab},
  author={Bouguet, Jean-Yves},
  year={2004}
}

@article{opencv_library,
    author = {Bradski, G.},
    citeulike-article-id = {2236121},
    journal = {Dr. Dobb's Journal of Software Tools},
    keywords = {bibtex-import},
    posted-at = {2008-01-15 19:21:54},
    priority = {4},
    title = {{The OpenCV Library}},
    year = {2000}
}

@inproceedings{bertozzi2006low,
  title={Low-level pedestrian detection by means of visible and far infra-red tetra-vision},
  author={Bertozzi, M and Broggi, A and Felisa, M and Vezzoni, G and Del Rose, M},
  booktitle={Intelligent Vehicles Symposium, 2006 IEEE},
  pages={231--236},
  year={2006},
  organization={IEEE}
}

@misc{open2006license,
  title={The MIT License},
  author={Open Source Initiative and others},
  year={2006}
}

@misc{vapgroup,
	author = {http://www.vap.aau.dk},
	year  = {2014}
}

@inproceedings{rother2004grabcut,
  title={Grabcut: Interactive foreground extraction using iterated graph cuts},
  author={Rother, Carsten and Kolmogorov, Vladimir and Blake, Andrew},
  booktitle={ACM Transactions on Graphics (TOG)},
  volume={23,3},
  pages={309--314},
  year={2004},
  organization={ACM}
}